@book{ejemplo1,
		author    = "Koza, John R.",
		title     = "Genetic Programming: On the Programming of Computers by Means of Natural Selection",
		publisher = "MIT Press",
		year      = "1992"
}


@article{ejemplo2,
  title={Estimating forest biomass using small footprint LiDAR data: An individual tree-based approach that incorporates training data},
  author={Bortolot, Zachary J and Wynne, Randolph H},
  journal={ISPRS Journal of Photogrammetry and Remote Sensing},
  volume={59},
  number={6},
  pages={342--360},
  year={2005},
  publisher={Elsevier}
}


@misc{ egg:pixabay,
       author = "pixabay",
       title = "Pixabay --- Increíbles Imágenes Gratis Para Descargar",
       howpublished = {\url{https://pixabay.com/es/photos/eeg-integraci%C3%B3n-hirnstrommessung-2680957/}},
       note = "[Internet; descargado 06-julio-2024]"
}


@misc{ outliners:empirica,
       author = "Wikipedia",
       title = "68–95–99.7 rule --- Wikipedia{,} La enciclopedia libre",
       howpublished = {\url{https://en.wikipedia.org/wiki/68%E2%80%9395%E2%80%9399.7_rule}}
}


