@book{ejemplo1,
		author    = "Koza, John R.",
		title     = "Genetic Programming: On the Programming of Computers by Means of Natural Selection",
		publisher = "MIT Press",
		year      = "1992"
}


@article{ejemplo2,
  title={Time Series Classification of Electroencephalography Data},
  author={Aiden Rushbrooke, Jordan Tsigarides, Saber Sami & Anthony Bagnall },
  journal={ISPRS Journal of Photogrammetry and Remote Sensing},
  pages={601--613},
  year={2023},
  publisher={Elsevier}
}


@misc{ egg:pixabay,
       author = "pixabay",
       title = "Pixabay --- Increíbles Imágenes Gratis Para Descargar",
       howpublished = {\url{https://pixabay.com/es/photos/eeg-integraci%C3%B3n-hirnstrommessung-2680957/}},
       note = "[Internet; descargado 06-julio-2024]"
}


@misc{ outliners:empirica,
       author = "Wikipedia",
       title = "68–95–99.7 rule --- Wikipedia{,} La enciclopedia libre",
       howpublished = {\url{https://en.wikipedia.org/wiki/68%E2%80%9395%E2%80%9399.7_rule}}
}


@misc{ dibujos:visual,
       author = "José Luis Pérez Gómez",
       title = "online.visual-paradigm.com",
       howpublished = {\url{https://online.visual-paradigm.com/}},
       note = "[Web en la que he creado los dibujos manualmente]"
}


@misc{ dibujos:diagrams,
       author = "José Luis Pérez Gómez",
       title = "app.diagrams.net",
       howpublished = {\url{https://app.diagrams.net/}},
       note = "[Web en la que he creado los dibujos manualmente]"
}



@misc{ knn:intuitivetutorial,
       author = "Dr. Sajil C. K.",
       title = "K-Nearest Neighbors Algorithm",
       howpublished = {\url{https://intuitivetutorial.com/2023/04/07/k-nearest-neighbors-algorithm/}},
       note = "[Internet; descargado 07-julio-2024]"
}


@misc{ wiki:CRISP,
       author = "Wikipedia",
       title = "Cross Industry Standard Process for Data Mining",
       howpublished = {\url{https://es.wikipedia.org/wiki/Cross_Industry_Standard_Process_for_Data_Mining}}
}


