@misc{ wiki:CRISP,
       author = "Wikipedia",
       title = "Cross Industry Standard Process for Data Mining",
       howpublished = {\url{https://es.wikipedia.org/wiki/Cross_Industry_Standard_Process_for_Data_Mining}}
}


@misc{ github:proyecto,
       author = "José Luis Pérez Gómez",
       title = "Analisis EEG",
       howpublished = {\url{https://github.com/jpg1003/AnalisisEEG}}
}

@misc{ curso:a,
       author = "Plataforma Kaggle",
       title = "Tutorial de Inicio de Pandas",
       howpublished = {\url{https://www.kaggle.com/learn/pandas}}
}

@misc{ curso:b,
       author = "Plataforma Kaggle",
       title = "Visualización de Datos",
       howpublished = {\url{https://www.kaggle.com/learn/data-visualization}}
}

@misc{ curso:c,
       author = "Plataforma Kaggle",
       title = "Trabajo con series temporales",
       howpublished = {\url{https://www.kaggle.com/learn/time-series}}
}


@misc{ web:Anaconda,
       author = "Anaconda",
       title = "Descarga Anaconda",
       howpublished = {\url{https://www.anaconda.com/download/success}}
}

@misc{ virtual:box,
       author = "VirtualBox.org",
       title = "Welcome to VirtualBox.org",
       howpublished = {\url{https://www.virtualbox.org/}}
}

